@article{RN165,
   title = {SUPPLEMENTARY INFORMATION},
   pages = {3},
   type = {Journal Article}
}

@article{RN6,
   author = {Aizen, Marcelo A. and Ezcurra, Cecilia},
   title = {High incidence of plant-animal mutualisms in the woody flora of the temperate forest of southern South America: biogeographical origin and present ecological significance},
   journal = {Ecologia Austral},
   volume = {8},
   pages = {217-236},
   year = {1998},
   type = {Journal Article}
}

@article{RN8,
   author = {Aizen, Marcelo A. and Smith‐Ramírez, Cecilia and Morales, Carolina L. and Vieli, Lorena and Sáez, Agustín and Barahona‐Segovia, Rodrigo M. and Arbetman, Marina P. and Montalva, José and Garibaldi, Lucas A. and Inouye, David W. and Harder, Lawrence D.},
   title = {Coordinated species importation policies are needed to reduce serious invasions globally: The case of alien bumblebees in South America},
   journal = {Journal of Applied Ecology},
   volume = {56},
   number = {1},
   pages = {100-106},
   ISSN = {0021-8901, 1365-2664},
   DOI = {10.1111/1365-2664.13121},
   url = {https://onlinelibrary.wiley.com/doi/abs/10.1111/1365-2664.13121},
   year = {2018},
   type = {Journal Article}
}

@article{RN7,
   author = {Aizen, Marcelo A. and Vázquez, Diego P. and Smith-Ramírez, Cecilia},
   title = {Historia natural y conservación de los mutualismos planta-animal del bosque templado de Sudamérica austral},
   journal = {Revista Chilena de Historia Natural},
   volume = {75},
   number = {1},
   pages = {79-97},
   ISSN = {0716-078X},
   DOI = {10.4067/S0716-078X2002000100008},
   url = {http://www.scielo.cl/scielo.php?script=sci_arttext&pid=S0716-078X2002000100008&lng=en&nrm=iso&tlng=en},
   year = {2002},
   type = {Journal Article}
}

@article{RN9,
   author = {Amico, G. C. and Vidal-Russell, R. and Nickrent, D. L.},
   title = {Phylogenetic relationships and ecological speciation in the mistletoe Tristerix (Loranthaceae): the influence of pollinators, dispersers, and hosts},
   journal = {American Journal of Botany},
   volume = {94},
   number = {4},
   pages = {558-567},
   ISSN = {0002-9122, 1537-2197},
   DOI = {10.3732/ajb.94.4.558},
   url = {http://doi.wiley.com/10.3732/ajb.94.4.558},
   year = {2007},
   type = {Journal Article}
}

@article{RN10,
   author = {Anderson, G. J. and Bernardello, G. and Lopez, P. S. and Crawford, D. J. and Stuessy, T. F.},
   title = {Reproductive biology ofWahlenbergia (Campanulaceae) endemic to Robinson Crusoe Island (Chile)},
   journal = {Plant Systematics and Evolution},
   volume = {223},
   number = {1-2},
   pages = {109-123},
   ISSN = {0378-2697, 1615-6110},
   DOI = {10.1007/BF00985330},
   url = {http://link.springer.com/10.1007/BF00985330},
   year = {2000},
   type = {Journal Article}
}

@article{RN3,
   author = {Anderson, Gregory J. and Bernardello, Gabriel and Stuessy, Tod F. and Crawford, Daniel J.},
   title = {Breeding System and pollination of selected plants endemic to Juan Fernández Islands},
   journal = {American Journal of Botany},
   volume = {88},
   number = {2},
   pages = {220-233},
   ISSN = {1537-2197},
   DOI = {10.2307/2657013},
   url = {https://bsapubs.onlinelibrary.wiley.com/doi/abs/10.2307/2657013
https://bsapubs.onlinelibrary.wiley.com/doi/full/10.2307/2657013},
   year = {2001},
   type = {Journal Article}
}

@article{RN101,
   author = {Anic, V. and Henríquez, C. A. and Abades, S. R. and Bustamante, R. O.},
   title = {Number of conspecifics and reproduction in the invasive plant <i>Eschscholzia californica</i> (Papaveraceae): is there a pollinator-mediated Allee effect?},
   journal = {Plant Biology},
   volume = {17},
   number = {3},
   pages = {720-727},
   ISSN = {14358603},
   DOI = {10.1111/plb.12293},
   url = {http://doi.wiley.com/10.1111/plb.12293},
   year = {2015},
   type = {Journal Article}
}

@article{RN12,
   author = {Araneda Durán, Ximena and Breve Ulloa, Rodrigo and Aguilera Carrillo, José and Lavín Contreras, Jorge and Toneatti Bastidas, Marcelo},
   title = {Evaluation of Yield Component Traits of Honeybee-Pollinated (Apis mellifera L.)Rapeseed Canola (Brassica napus L.)},
   journal = {Chilean journal of agricultural research},
   volume = {70},
   number = {2},
   pages = {309-314},
   ISSN = {0718-5839},
   DOI = {10.4067/S0718-58392010000200014},
   url = {http://www.scielo.cl/scielo.php?script=sci_arttext&pid=S0718-58392010000200014&lng=en&nrm=iso&tlng=en},
   year = {2010},
   type = {Journal Article}
}

@article{RN11,
   author = {Araneda, Ximena and Caniullan, Roger and Catalán, Carol and Martínez, María and Morales, Daniza and Rodríguez, Mario},
   title = {Nutritional contribution of pollen from species pollinated by bees (Apis mellifera L.) in the Araucanía Region of Chile},
   journal = {Revista de la Facultad de Ciencias Agrarias},
   volume = {47},
   number = {1},
   pages = {139-144},
   url = {http://www.redalyc.org/articulo.oa?id=382841103010},
   year = {2015},
   type = {Journal Article}
}

@article{RN13,
   author = {Arismendi, N. and Bruna, A. and Zapata, N. and Vargas, M.},
   title = {Molecular detection of the tracheal mite Locustacarus buchneri in native and non-native bumble bees in Chile},
   journal = {Insectes Sociaux},
   volume = {63},
   number = {4},
   pages = {629-633},
   ISSN = {0020-1812, 1420-9098},
   DOI = {10.1007/s00040-016-0502-2},
   url = {http://link.springer.com/10.1007/s00040-016-0502-2},
   year = {2016},
   type = {Journal Article}
}

@inbook{RN14,
   author = {Armesto, Juan J. and Smith-Ramírez, Cecilia and Carmona, Martín R. and Celis-Diez, Juan L. and Díaz, Iván A. and Gaxiola, Aurora and Gutiérrez, Alvaro G. and Núñez-Avila, Mariela C. and Pérez, Cecilia A. and Rozzi, Ricardo},
   title = {Old-Growth Temperate Rainforests of South America: Conservation, Plant–Animal Interactions, and Baseline Biogeochemical Processes},
   booktitle = {Old-Growth Forests},
   editor = {Wirth, Christian and Gleixner, Gerd and Heimann, Martin},
   publisher = {Springer Berlin Heidelberg},
   address = {Berlin, Heidelberg},
   pages = {367-390},
   ISBN = {978-3-540-92705-1 978-3-540-92706-8},
   url = {http://link.springer.com/10.1007/978-3-540-92706-8_16},
   year = {2009},
   type = {Book Section}
}

@article{RN15,
   author = {Arretz, P. V. and Macfarlane, R. P.},
   title = {The introduction of Bombus ruderatus to Chile for red clover pollination},
   journal = {Bee World},
   volume = {67},
   number = {1},
   pages = {15-22},
   ISSN = {0005-772X, 2376-7618},
   DOI = {10.1080/0005772X.1986.11098855},
   url = {http://www.tandfonline.com/doi/full/10.1080/0005772X.1986.11098855},
   year = {1986},
   type = {Journal Article}
}

@article{RN16,
   author = {Arroyo, Mary Kalin and Armesto, Juan J. and Primak, Richard},
   title = {Tendencias altitudinales y latitudinales en mecanismos de polinización en la zona andina de los Andes templados de Sudamérica* *},
   journal = {Revista Chilena de Historia Natural},
   volume = {56},
   pages = {159-180},
   year = {1983},
   type = {Journal Article}
}

@article{RN167,
   author = {Arroyo, Mary Kalin and Primack, Richard B. and Armesto, Juan J.},
   title = {Community studies in pollination ecology in the high temperate Andes of central Chile. I. Pollinaiton mechanisms and individual variation},
   journal = {American Journal of Botany},
   volume = {69},
   number = {1},
   pages = {82-97},
   year = {1982},
   type = {Journal Article}
}

@inbook{RN93,
   author = {Arroyo, Mary Kalin and Squeo},
   title = {Relationships between plant breeding systems and pollination},
   booktitle = {Biological approaches and evolutionary trends in plants},
   publisher = {Academic Press},
   address = {London, UK},
   pages = {205-224},
   ISBN = {0-12-402960-4},
   year = {1990},
   type = {Book Section}
}

@article{RN166,
   author = {Arroyo, Mary Kalin and Uslar, Paulina},
   title = {Breeding systems in a temperate mediterranean-type climate montane sclerophyllus forest in central Chile},
   journal = {Botanical Journal of the Linnean Society},
   volume = {111},
   pages = {83-102},
   year = {1993},
   type = {Journal Article}
}

@article{RN102,
   author = {Arroyo, Mary T. Kalin and Armesto, Juan J. and Primack, Richard B.},
   title = {Community studies in pollination ecology in the high temperate Andes of central Chile II. effect of temperature on visitation rates and pollination possibilities},
   journal = {Plant Systematics and Evolution},
   volume = {149},
   number = {3-4},
   pages = {187-203},
   ISSN = {0378-2697, 1615-6110},
   DOI = {10.1007/BF00983305},
   url = {http://link.springer.com/10.1007/BF00983305},
   year = {1985},
   type = {Journal Article}
}

@article{RN106,
   author = {Arroyo, Mary T. K. and Dudley, Leah S. and Jespersen, Gus and Pacheco, Diego A. and Cavieres, Lohengrin A.},
   title = {Temperature-driven flower longevity in a high-alpine species of <i>Oxalis</i> influences reproductive assurance},
   journal = {New Phytologist},
   volume = {200},
   number = {4},
   pages = {1260-1268},
   ISSN = {0028646X},
   DOI = {10.1111/nph.12443},
   url = {http://doi.wiley.com/10.1111/nph.12443},
   year = {2013},
   type = {Journal Article}
}

@article{RN105,
   author = {Arroyo, Mary T. K. and Humaña, Ana María and Domínguez, Daniela and Jespersen, Gus},
   title = {Incomplete trimorphic incompatibility expression in Oxalis compacta Gill. ex Hook. et Arn. subsp. compacta in the central Chilean Andes},
   journal = {Gayana. Botánica},
   volume = {69},
   number = {1},
   pages = {88-99},
   ISSN = {0717-6643},
   DOI = {10.4067/S0717-66432012000100008},
   url = {http://www.scielo.cl/scielo.php?script=sci_arttext&pid=S0717-66432012000100008&lng=en&nrm=iso&tlng=en},
   year = {2012},
   type = {Journal Article}
}

@article{RN103,
   author = {Arroyo, Mary T. K. and Muñoz, María S. and Henríquez, Carolina and Till-Bottraud, Irène and Pérez, Fernánda},
   title = {Erratic pollination, high selfing levels and their correlates and consequences in an altitudinally widespread above-tree-line species in the high Andes of Chile},
   journal = {Acta Oecologica},
   volume = {30},
   number = {2},
   pages = {248-257},
   ISSN = {1146609X},
   DOI = {10.1016/j.actao.2006.05.006},
   url = {https://linkinghub.elsevier.com/retrieve/pii/S1146609X0600066X},
   year = {2006},
   type = {Journal Article}
}

@article{RN17,
   author = {Arroyo, Mary T. K. and Pacheco, Diego Andrés and Dudley, Leah S.},
   title = {Functional role of long-lived flowers in preventing pollen limitation in a high elevation outcrossing species},
   journal = {AoB PLANTS},
   volume = {9},
   number = {6},
   pages = {plx050},
   ISSN = {2041-2851},
   DOI = {10.1093/aobpla/plx050},
   url = {http://academic.oup.com/aobpla/article/doi/10.1093/aobpla/plx050/4560779},
   year = {2017},
   type = {Journal Article}
}

@article{RN18,
   author = {Arroyo, Mary T. K. and Pérez, Fernanda and Jara-Arancio, Paola and Pacheco, Diego and Vidal, Paula and Flores, María Francisca},
   title = {Ovule bet-hedging at high elevation in the South American Andes: Evidence from a phylogenetically controlled multispecies study},
   journal = {Journal of Ecology},
   volume = {107},
   number = {2},
   pages = {668-683},
   ISSN = {00220477},
   DOI = {10.1111/1365-2745.13069},
   url = {http://doi.wiley.com/10.1111/1365-2745.13069},
   year = {2019},
   type = {Journal Article}
}

@article{RN19,
   author = {Belmonte, Eliana and Cardemil, Liliana and Arroyo, Mary T. Kalin},
   title = {Floral nectary structure and nectar composition in Eccremocarpus scaber (Bignoniaceae), a hummingbird-pollinated plant of central Chile},
   journal = {American Journal of Botany},
   volume = {81},
   number = {4},
   pages = {493},
   ISSN = {00029122},
   DOI = {10.2307/2445499},
   url = {http://doi.wiley.com/10.1002/j.1537-2197.1994.tb15474.x},
   year = {1994},
   type = {Journal Article}
}

@article{RN21,
   author = {Bernardello, Gabriel and Aguilar, Ramiro and Anderson, Gregory J.},
   title = {The reproductive biology of <i>Sophora fernandeziana</i> (Leguminosae), a vulnerable endemic species from Isla Robinson Crusoe},
   journal = {American Journal of Botany},
   volume = {91},
   number = {2},
   pages = {198-206},
   ISSN = {00029122},
   DOI = {10.3732/ajb.91.2.198},
   url = {http://doi.wiley.com/10.3732/ajb.91.2.198},
   year = {2004},
   type = {Journal Article}
}

@article{RN1,
   author = {Bernardello, Gabriel and Anderson, Gregory J. and Stuessy, Tod F. and Crawford, Daniel J.},
   title = {A survey of floral traits, breeding systems, floral visitors, and pollination systems of the angiosperms of the Juan Fernández Islands (Chile)},
   journal = {The Botanical Review},
   volume = {67},
   number = {3},
   pages = {255-308},
   ISSN = {1874-9372},
   DOI = {10.1007/BF02858097},
   url = {https://doi.org/10.1007/BF02858097
https://link.springer.com/content/pdf/10.1007%2FBF02858097.pdf},
   year = {2001},
   type = {Journal Article}
}

@article{RN20,
   author = {Bernardello, Gabriel and Galetto, Leonardo and Anderson, Gregory J.},
   title = {Floral nectary structure and nectar chemical composition of some species from Robinson Crusoe Island (Chile)},
   journal = {Canadian Journal of Botany},
   volume = {78},
   pages = {862-872},
   year = {2000},
   type = {Journal Article}
}

@article{RN107,
   author = {Botto-Mahan, Carezza and Ojeda-Camacho, Manuel},
   title = {THE IMPORTANCE OF FLORAL DAMAGE FOR POLLINATOR VISITATION IN ALSTROEMERIA LIGTU L.'},
   journal = {Revista Chilena de Entomología},
   volume = {26},
   pages = {73-76},
   year = {2000},
   type = {Journal Article}
}

@article{RN108,
   author = {Botto-Mahan, Carezza and Pohl, Nélida and Medel, Rodrigo},
   title = {Nectar guide fluctuating asymmetry does not relate to female fitness in Mimulus luteus},
   journal = {Plant Ecology formerly `Vegetatio'},
   volume = {174},
   number = {2},
   pages = {347-352},
   ISSN = {1385-0237},
   DOI = {10.1023/B:VEGE.0000049113.43896.5d},
   url = {http://link.springer.com/10.1023/B:VEGE.0000049113.43896.5d},
   year = {2004},
   type = {Journal Article}
}

@article{RN109,
   author = {Botto-Mahan, Carezza and Ramírez, Patricia A. and Gloria Ossa, Carmen and Medel, Rodrigo and Ojeda-Camacho, Manuel and González, Alejandra V.},
   title = {Floral Herbivory Affects Female Reproductive Success and Pollinator Visitation in the Perennial Herb <i>Alstroemeria ligtu</i> (Alstroemeriaceae)},
   journal = {International Journal of Plant Sciences},
   volume = {172},
   number = {9},
   pages = {1130-1136},
   ISSN = {1058-5893, 1537-5315},
   DOI = {10.1086/662029},
   url = {https://www.journals.uchicago.edu/doi/10.1086/662029},
   year = {2011},
   type = {Journal Article}
}

@article{RN110,
   author = {Caballero, Paula and Ossa, Carmen G. and Gonzáles, Wilfredo L. and González-Browne, Catalina and Astorga, Guadalupe and Murúa, Maureen M. and Medel, Rodrigo},
   title = {Testing non-additive effects of nectar-robbing ants and hummingbird pollination on the reproductive success of a parasitic plant},
   journal = {Plant Ecology},
   volume = {214},
   number = {4},
   pages = {633-640},
   ISSN = {1385-0237, 1573-5052},
   DOI = {10.1007/s11258-013-0195-9},
   url = {http://link.springer.com/10.1007/s11258-013-0195-9},
   year = {2013},
   type = {Journal Article}
}

@article{RN22,
   author = {Candia, Alina B. and Medel, Rodrigo and Fontúrbel, Francisco E.},
   title = {Indirect positive effects of a parasitic plant on host pollination and seed dispersal},
   journal = {Oikos},
   volume = {123},
   number = {11},
   pages = {1371-1376},
   ISSN = {00301299},
   DOI = {10.1111/oik.01353},
   url = {http://doi.wiley.com/10.1111/oik.01353},
   year = {2014},
   type = {Journal Article}
}

@article{RN111,
   author = {Cares-Suárez, Roxana and Poch, Tomás and Acevedo, Romina F. and Acosta-Bravo, Ignacio and Pimentel, Carolina and Espinoza, Claudia and Cares, Rocío A. and Muñoz, Paola and González, Alejandra V. and Botto-Mahan, Carezza},
   title = {Do pollinators respond in a dose-dependent manner to flower herbivory?: An experimental assessment in Loasa tricolor (Loasaceae)},
   journal = {Gayana. Botánica},
   volume = {68},
   number = {2},
   pages = {176-181},
   ISSN = {0717-6643},
   DOI = {10.4067/S0717-66432011000200007},
   url = {http://www.scielo.cl/scielo.php?script=sci_arttext&pid=S0717-66432011000200007&lng=en&nrm=iso&tlng=en},
   year = {2011},
   type = {Journal Article}
}

@article{RN112,
   author = {Carvallo, Gastón and Medel, Rodrigo},
   title = {The modular structure of the floral phenotype in Mimulus luteus var. luteus (Phrymaceae)},
   journal = {Revista chilena de historia natural},
   volume = {78},
   number = {4},
   pages = {665-672},
   ISSN = {0716-078X},
   DOI = {10.4067/S0716-078X2005000400006},
   url = {http://www.scielo.cl/scielo.php?script=sci_arttext&pid=S0716-078X2005000400006&lng=en&nrm=iso&tlng=en},
   year = {2005},
   type = {Journal Article}
}

@article{RN113,
   author = {Carvallo, Gastón O. and Medel, Rodrigo},
   title = {Effects of herkogamy and inbreeding on the mating system of Mimulus luteus in the absence of pollinators},
   journal = {Evolutionary Ecology},
   volume = {24},
   number = {2},
   pages = {509-522},
   ISSN = {0269-7653, 1573-8477},
   DOI = {10.1007/s10682-009-9322-4},
   url = {http://link.springer.com/10.1007/s10682-009-9322-4},
   year = {2010},
   type = {Journal Article}
}

@article{RN114,
   author = {Carvallo, Gastón O. and Medel, Rodrigo},
   title = {Heterospecific pollen transfer from an exotic plant to native plants: assessing reproductive consequences in an Andean grassland},
   journal = {Plant Ecology & Diversity},
   volume = {9},
   number = {2},
   pages = {151-157},
   ISSN = {1755-0874, 1755-1668},
   DOI = {10.1080/17550874.2016.1140243},
   url = {https://www.tandfonline.com/doi/full/10.1080/17550874.2016.1140243},
   year = {2016},
   type = {Journal Article}
}

@article{RN115,
   author = {Carvallo, Gastón O. and Medel, Rodrigo and Navarro, Luis},
   title = {Assessing the effects of native plants on the pollination of an exotic herb, the blueweed Echium vulgare (Boraginaceae)},
   journal = {Arthropod-Plant Interactions},
   volume = {7},
   number = {5},
   pages = {475-484},
   ISSN = {1872-8855, 1872-8847},
   DOI = {10.1007/s11829-013-9265-0},
   url = {http://link.springer.com/10.1007/s11829-013-9265-0},
   year = {2013},
   type = {Journal Article}
}

@article{RN168,
   author = {Cavieres, Lohengrin A. and Peñaloza G, Alejandro P. and Arroyo, Mary T. K.},
   title = {Efectos del tamaño floral y densidad de flores en la visita de insectos polinizadores en Alstroemeria pallida Graham (Amaryllidaceae)},
   journal = {Gayana Botánica},
   volume = {55},
   number = {1},
   pages = {1-10},
   year = {1998},
   type = {Journal Article}
}

@article{RN116,
   author = {Celedón-Neghme, Constanza and Gonzáles, Wilfredo L. and Gianoli, Ernesto},
   title = {Cost and benefits of attractive floral traits in the annual species Madia sativa (Asteraceae)},
   journal = {Evolutionary Ecology},
   volume = {21},
   number = {2},
   pages = {247-257},
   ISSN = {0269-7653, 1573-8477},
   DOI = {10.1007/s10682-006-9002-6},
   url = {http://link.springer.com/10.1007/s10682-006-9002-6},
   year = {2007},
   type = {Journal Article}
}

@article{RN23,
   author = {Cepeda-Pizarro, J. and Pola P, M. and González, C. R.},
   title = {Efecto de la fase fenológica de verano sobre algunas características del ensamble de Diptera registrado en una vega altoandina del desierto transicional de Chile},
   journal = {Idesia (Arica)},
   volume = {33},
   number = {1},
   pages = {49-58},
   ISSN = {0718-3429},
   DOI = {10.4067/S0718-34292015000100006},
   url = {http://www.scielo.cl/scielo.php?script=sci_arttext&pid=S0718-34292015000100006&lng=en&nrm=iso&tlng=en},
   year = {2015},
   type = {Journal Article}
}

@article{RN24,
   author = {Chalcoff, Vanina R. and Aizen, Marcelo A. and Ezcurra, Cecilia},
   title = {Erosion of a pollination mutualism along an environmental gradient in a south Andean treelet, Embothrium coccineum (Proteaceae)},
   journal = {Oikos},
   volume = {121},
   number = {3},
   pages = {471-480},
   ISSN = {00301299},
   DOI = {10.1111/j.1600-0706.2011.19663.x},
   url = {http://doi.wiley.com/10.1111/j.1600-0706.2011.19663.x},
   year = {2012},
   type = {Journal Article}
}

@article{RN25,
   author = {Chetelat, Roger T. and Pertuzé, Ricardo A. and Faúndez, Luis and Graham, Elaine B. and Jones, Carl M.},
   title = {Distribution, ecology and reproductive biology of wild tomatoes and related nightshades from the Atacama Desert region of northern Chile},
   journal = {Euphytica},
   volume = {167},
   number = {1},
   pages = {77-93},
   ISSN = {0014-2336, 1573-5060},
   DOI = {10.1007/s10681-008-9863-6},
   url = {http://link.springer.com/10.1007/s10681-008-9863-6},
   year = {2009},
   type = {Journal Article}
}

@article{RN26,
   author = {Cisterna, Janinna and Murúa, Maureen},
   title = {Contrasting floral morphology and breeding systems in two subspecies of Calceolaria corymbosa in Central Chile},
   journal = {Gayana. Botánica},
   volume = {75},
   number = {1},
   pages = {544-548},
   ISSN = {0717-6643},
   DOI = {10.4067/S0717-66432018000100544},
   url = {http://www.scielo.cl/scielo.php?script=sci_arttext&pid=S0717-66432018000100544&lng=en&nrm=iso&tlng=en},
   year = {2018},
   type = {Journal Article}
}

@article{RN117,
   author = {Cooley, A. M. and Carvallo, G. and Willis, J. H.},
   title = {Is Floral Diversification Associated with Pollinator Divergence? Flower Shape, Flower Colour and Pollinator Preference in Chilean Mimulus},
   journal = {Annals of Botany},
   volume = {101},
   number = {5},
   pages = {641-650},
   ISSN = {1095-8290, 0305-7364},
   DOI = {10.1093/aob/mcn014},
   url = {https://academic.oup.com/aob/article-lookup/doi/10.1093/aob/mcn014},
   year = {2008},
   type = {Journal Article}
}

@article{RN118,
   author = {Cuartas-Domínguez, Marcela and Medel, Rodrigo},
   title = {Pollinator-mediated selection and experimental manipulation of the flower phenotype in Chloraea bletioides: Pollinator-mediated selection in Chloraea bletioides},
   journal = {Functional Ecology},
   volume = {24},
   number = {6},
   pages = {1219-1227},
   ISSN = {02698463},
   DOI = {10.1111/j.1365-2435.2010.01737.x},
   url = {http://doi.wiley.com/10.1111/j.1365-2435.2010.01737.x},
   year = {2010},
   type = {Journal Article}
}

@article{RN27,
   author = {Cuartas-Domínguez, Marcela and Rojas-Céspedes, Alejandra and Jara-Arancio, Paola and Arroyo, Mary T. K.},
   title = {Sistema reproductivo de Trichopetalum plumosum (Ruiz &amp; Pav.) J.F. Macbr. (Asparagaceae), geófita endémica de Chile},
   journal = {Gayana. Botánica},
   volume = {74},
   number = {1},
   pages = {73-81},
   ISSN = {0717-6643},
   DOI = {10.4067/S0717-66432017005000103},
   url = {http://www.scielo.cl/scielo.php?script=sci_arttext&pid=S0717-66432017005000103&lng=en&nrm=iso&tlng=en},
   year = {2017},
   type = {Journal Article}
}

@phdthesis{RN170,
   author = {DeUgarte, Pablo M.},
   title = {Agentes polinizantes y rendimiento en el cultivo de Alforfón (Fagopyrum esculentum) / Pollinating agents and crop yield of buckwheat (Fagopyrum esculentum)},
   university = {Universidad Austral de Chile},
   year = {1991},
   type = {Thesis}
}

@article{RN28,
   author = {Díaz, Iván A. and Armesto, Juan J. and Reid, Sharon and Sieving, Kathryn E. and Willson, Mary F.},
   title = {Linking forest structure and composition: avian diversity in successional forests of Chiloé Island, Chile},
   journal = {Biological Conservation},
   volume = {123},
   number = {1},
   pages = {91-101},
   ISSN = {00063207},
   DOI = {10.1016/j.biocon.2004.10.011},
   url = {https://linkinghub.elsevier.com/retrieve/pii/S0006320704004318},
   year = {2005},
   type = {Journal Article}
}

@article{RN29,
   author = {Díaz-Forestier, Javiera and Gómez, Miguel and Celis-Diez, Juan L. and Montenegro, Gloria},
   title = {Nectary structure in four melliferous plant species native to Chile},
   journal = {Flora},
   volume = {221},
   pages = {100-106},
   ISSN = {03672530},
   DOI = {10.1016/j.flora.2016.02.013},
   url = {https://linkinghub.elsevier.com/retrieve/pii/S0367253016300238},
   year = {2016},
   type = {Journal Article}
}

@article{RN30,
   author = {Espíndola, Anahí and Pliscoff, Patricio},
   title = {The Relationship Between Pollinator Visits and Climatic Suitabilities in Specialized Pollination Interactions},
   journal = {Annals of the Entomological Society of America},
   volume = {112},
   number = {3},
   pages = {150-157},
   ISSN = {0013-8746, 1938-2901},
   DOI = {10.1093/aesa/say042},
   url = {https://academic.oup.com/aesa/article/112/3/150/5142389},
   year = {2019},
   type = {Journal Article}
}

@article{RN119,
   author = {Espinoza, Claudia L. and Murúa, Maureen and Bustamante, Ramiro O. and Marín, Víctor H. and Medel, Rodrigo},
   title = {Reproductive consequences of flower damage in two contrasting habitats: The case of Viola portalesia (Violaceae) in Chile},
   journal = {Revista chilena de historia natural},
   volume = {85},
   number = {4},
   pages = {503-511},
   ISSN = {0716-078X},
   DOI = {10.4067/S0716-078X2012000400012},
   url = {http://www.scielo.cl/scielo.php?script=sci_arttext&pid=S0716-078X2012000400012&lng=en&nrm=iso&tlng=en},
   year = {2012},
   type = {Journal Article}
}

@book{RN86,
   author = {Estay P, Patricia},
   title = {Bombus en Chile: Especies, Biología y Manejo},
   publisher = {Instituto de Investigaciones Agropecuarias (INIA), Centro Regional de Investigación La Platina, Ministerio de Agricultura},
   address = {Santiago, Chile},
   series = {Colección Libros INIA},
   ISBN = {978-956-7016-30-3},
   year = {2007},
   type = {Book}
}

@inproceedings{RN172,
   author = {Estay P, Patricia and Carvajal, M.},
   title = {Domesticación y crianza continua de los abejorros Bombus terrestris y Bombus dahlbomii en Chile},
   booktitle = {Primer Simposio Chileno de Control Biológico},
   address = {Chillán, Chile},
   publisher = {INIA},
   pages = {76},
   type = {Conference Proceedings}
}

@article{RN171,
   author = {Estay P, Patricia and et al. and et al.},
   title = {Producción de abejorros en Chile / Bumblebee production in Chile},
   journal = {Tierra Adentro},
   volume = {37},
   number = {marzo-abril},
   pages = {14-15},
   year = {2001},
   type = {Journal Article}
}

@article{RN31,
   author = {Estay P, Patricia and Wagner V, Adrian and Escaff G, Moisés},
   title = {Evaluación de Bombus dahlbomii (Guér.) como agente polinizador de flores de tomate (Lycopersicon esculentum (MILL)), bajo condiciones de invernadero},
   journal = {Agricultura Técnica},
   volume = {61},
   number = {2},
   pages = {113-119},
   ISSN = {0365-2807},
   DOI = {10.4067/S0365-28072001000200001},
   url = {http://www.scielo.cl/scielo.php?script=sci_arttext&pid=S0365-28072001000200001&lng=en&nrm=iso&tlng=en},
   year = {2001},
   type = {Journal Article}
}

@article{RN120,
   author = {Esterio, Gabriel and Cares-Suárez, Roxana and González-Browne, Catalina and Salinas, Patricia and Carvallo, Gastón and Medel, Rodrigo},
   title = {Assessing the impact of the invasive buff-tailed bumblebee (Bombus terrestris) on the pollination of the native Chilean herb Mimulus luteus},
   journal = {Arthropod-Plant Interactions},
   volume = {7},
   number = {4},
   pages = {467-474},
   ISSN = {1872-8855, 1872-8847},
   DOI = {10.1007/s11829-013-9264-1},
   url = {http://link.springer.com/10.1007/s11829-013-9264-1},
   year = {2013},
   type = {Journal Article}
}

@techreport{RN33,
   author = {Fao, Food and Agriculture Organization of the United, Nations},
   title = {Línea Base del Servicio Ecosistémico de la Polinización en Chile: Documento de síntesis},
   number = {I6663ES/1/12.16},
   month = {2016},
   url = {http://www.fao.org/chile},
   year = {2016},
   type = {Report}
}

@techreport{RN32,
   author = {Fao, Food and Agriculture Organization of the United, Nations},
   title = {Estado del arte del servicio ecosistémico de la polinización en Chile-Paraguay Y Peru},
   institution = {FAO},
   month = {2017},
   url = {http://www.internationalpollinatorsinitiative.org},
   year = {2017},
   type = {Report}
}

@article{RN34,
   author = {Farji-Brener, Alejandro G. and Corley, Juan C.},
   title = {Successful invasions of hymenopteran insects into NW Patagonia},
   journal = {Ecologia Austral},
   volume = {8},
   pages = {237-249},
   year = {1998},
   type = {Journal Article}
}

@article{RN35,
   author = {Fontúrbel, Francisco E. and Jordano, Pedro and Medel, Rodrigo},
   title = {Scale-dependent responses of pollination and seed dispersal mutualisms in a habitat transformation scenario},
   journal = {Journal of Ecology},
   volume = {103},
   number = {5},
   pages = {1334-1343},
   ISSN = {00220477},
   DOI = {10.1111/1365-2745.12443},
   url = {http://doi.wiley.com/10.1111/1365-2745.12443},
   year = {2015},
   type = {Journal Article}
}

@article{RN36,
   author = {Fontúrbel, Francisco E. and Jordano, Pedro and Medel, Rodrigo},
   title = {Plant-animal mutualism effectiveness in native and transformed habitats: Assessing the coupled outcomes of pollination and seed dispersal},
   journal = {Perspectives in Plant Ecology, Evolution and Systematics},
   volume = {28},
   pages = {87-95},
   ISSN = {14338319},
   DOI = {10.1016/j.ppees.2017.09.003},
   url = {https://linkinghub.elsevier.com/retrieve/pii/S1433831916301779},
   year = {2017},
   type = {Journal Article}
}

@article{RN37,
   author = {Fontúrbel, Francisco E. and Salazar, Daniela A. and Medel, Rodrigo},
   title = {Increased resource availability prevents the disruption of key ecological interactions in disturbed habitats},
   journal = {Ecosphere},
   volume = {8},
   number = {4},
   pages = {e01768},
   ISSN = {21508925},
   DOI = {10.1002/ecs2.1768},
   url = {http://doi.wiley.com/10.1002/ecs2.1768},
   year = {2017},
   type = {Journal Article}
}

@article{RN121,
   author = {Galetto, Leonardo and Bernardello, Gabriel and Sosa, Claudio A.},
   title = {The relationship between floral nectar composition and visitors in Lycium (Solanaceae) from Argentina and Chile: what does it reflect?},
   journal = {Flora},
   volume = {193},
   number = {3},
   pages = {303-314},
   ISSN = {03672530},
   DOI = {10.1016/S0367-2530(17)30851-4},
   url = {https://linkinghub.elsevier.com/retrieve/pii/S0367253017308514},
   year = {1998},
   type = {Journal Article}
}

@article{RN38,
   author = {Gómez P, Persy and Lillo, Diana and González, Alejandra V.},
   title = {Pollination and breeding system in Adesmia bijuga Phil. (Fabaceae), a critically endangered species in Central Chile},
   journal = {Gayana Botánica},
   volume = {69},
   number = {2},
   pages = {286-295},
   ISSN = {0717-6643},
   DOI = {10.4067/S0717-66432012000200008},
   url = {http://www.scielo.cl/scielo.php?script=sci_arttext&pid=S0717-66432012000200008&lng=en&nrm=iso&tlng=en},
   year = {2012},
   type = {Journal Article}
}

@article{RN39,
   author = {González, Alejandra V. and González-Browne, Catalina and Salinas, Patricia and Murúa, Maureen},
   title = {Is there spatial variation in phenotypic selection on floral traits in a generalist plant–pollinator system?},
   journal = {Evolutionary Ecology},
   volume = {33},
   number = {5},
   pages = {687-700},
   ISSN = {0269-7653, 1573-8477},
   DOI = {10.1007/s10682-019-10002-7},
   url = {http://link.springer.com/10.1007/s10682-019-10002-7},
   year = {2019},
   type = {Journal Article}
}

@article{RN123,
   author = {González, Alejandra V. and Murúa, Maureen and Ramírez, Patricia A.},
   title = {Temporal and spatial variation of the pollinator assemblages in Alstroemeria ligtu (Alstroemeriaceae)},
   journal = {Revista Chilena de Historia Natural},
   volume = {87},
   number = {5},
   ISSN = {0717-6317},
   DOI = {10.1186/0717-6317-87-5},
   url = {https://revchilhistnat.biomedcentral.com/articles/10.1186/0717-6317-87-5},
   year = {2014},
   type = {Journal Article}
}

@article{RN124,
   author = {González, Alejandra V. and Murúa, Maureen M. and Pérez, Fernanda},
   title = {Floral integration and pollinator diversity in the generalized plant-pollinator system of Alstroemeria ligtu (Alstroemeriaceae)},
   journal = {Evolutionary Ecology},
   volume = {29},
   number = {1},
   pages = {63-75},
   ISSN = {0269-7653, 1573-8477},
   DOI = {10.1007/s10682-014-9746-3},
   url = {http://link.springer.com/10.1007/s10682-014-9746-3},
   year = {2015},
   type = {Journal Article}
}

@article{RN122,
   author = {González, Alejandra V and Pérez, Fernanda},
   title = {Pollen Limitation and Reproductive Assurance in the Flora of the Coastal Atacama Desert},
   journal = {International Journal of Plant Sciences},
   volume = {171},
   number = {6},
   pages = {607-614},
   ISSN = {1058-5893, 1537-5315},
   DOI = {10.1086/653135},
   url = {http://www.journals.uchicago.edu/doi/10.1086/653135},
   year = {2010},
   type = {Journal Article}
}

@article{RN40,
   author = {González-Gómez, Paulina L. and Estades, Cristián F.},
   title = {Is natural selection promoting sexual dimorphism in the Green-backed Firecrown Hummingbird (Sephanoides Sephaniodes)?},
   journal = {Journal of Ornithology},
   volume = {150},
   number = {2},
   pages = {351-356},
   ISSN = {0021-8375, 1439-0361},
   DOI = {10.1007/s10336-008-0356-0},
   url = {http://link.springer.com/10.1007/s10336-008-0356-0},
   year = {2009},
   type = {Journal Article}
}

@article{RN125,
   author = {Gonzalez-Gomez, Paulina L. and Valdivia, Carlos E.},
   title = {Direct and Indirect Effects of Nectar Robbing on the Pollinating Behavior of Patagona gigas (Trochilidae)1},
   journal = {Biotropica},
   volume = {37},
   number = {4},
   pages = {693-696},
   ISSN = {0006-3606, 1744-7429},
   DOI = {10.1111/j.1744-7429.2005.00088.x},
   url = {http://doi.wiley.com/10.1111/j.1744-7429.2005.00088.x},
   year = {2005},
   type = {Journal Article}
}

@article{RN41,
   author = {González-Vaquero, Rocío A. and Galvani, Gerónimo L.},
   title = {Antennal sensilla analyses as useful tools in the revision of the sweat-bee subgenus Corynura (Callistochlora) Michener (Hymenoptera: Halictidae)},
   journal = {Zoologischer Anzeiger - A Journal of Comparative Zoology},
   volume = {262},
   pages = {29-42},
   ISSN = {00445231},
   DOI = {10.1016/j.jcz.2016.03.006},
   url = {https://linkinghub.elsevier.com/retrieve/pii/S004452311630016X},
   year = {2016},
   type = {Journal Article}
}

@article{RN42,
   author = {González-Vaquero, Rocío Ana and Roig-Alsina, Arturo and Packer, Laurence},
   title = {DNA barcoding as a useful tool in the systematic study of wild bees of the tribe Augochlorini (Hymenoptera: Halictidae)},
   journal = {Genome},
   volume = {59},
   number = {10},
   pages = {889-898},
   ISSN = {0831-2796, 1480-3321},
   DOI = {10.1139/gen-2016-0006},
   url = {http://www.nrcresearchpress.com/doi/10.1139/gen-2016-0006},
   year = {2016},
   type = {Journal Article}
}

@article{RN44,
   author = {Guerrero, Pablo C. and Antinao, Claudia A. and Vergara-Meriño, Beatriz and Villagra, Cristian A. and Carvallo, Gastón O.},
   title = {Bees may drive the reproduction of four sympatric cacti in a vanishing coastal mediterranean-type ecosystem},
   journal = {PeerJ},
   volume = {7},
   pages = {e7865},
   ISSN = {2167-8359},
   DOI = {10.7717/peerj.7865},
   url = {https://peerj.com/articles/7865},
   year = {2019},
   type = {Journal Article}
}

@article{RN43,
   author = {Guerrero, Pablo C. and Carvallo, Gastón O. and Nassar, Jafet M. and Rojas-Sandoval, Julissa and Sanz, Virginia and Medel, Rodrigo},
   title = {Ecology and evolution of negative and positive interactions in Cactaceae: lessons and pending tasks},
   journal = {Plant Ecology & Diversity},
   volume = {5},
   number = {2},
   pages = {205-215},
   ISSN = {1755-0874, 1755-1668},
   DOI = {10.1080/17550874.2011.630426},
   url = {http://www.tandfonline.com/doi/abs/10.1080/17550874.2011.630426},
   year = {2012},
   type = {Journal Article}
}

@article{RN126,
   author = {Humaña, Ana María and Cisternas, Mauricio A. and Valdivia, Carlos E.},
   title = {Breeding system and pollination of selected orchids of the genus Chloraea (Orchidaceae) from central Chile},
   journal = {Flora - Morphology, Distribution, Functional Ecology of Plants},
   volume = {203},
   number = {6},
   pages = {469-473},
   ISSN = {03672530},
   DOI = {10.1016/j.flora.2007.08.004},
   url = {https://linkinghub.elsevier.com/retrieve/pii/S0367253008000522},
   year = {2008},
   type = {Journal Article}
}

@article{RN87,
   author = {Humaña, Ana Maria and Riveros, Magaly},
   title = {Biología de la reproducción en la especie trepadora Lapageria rosea R. et P. (Phileiaceae)},
   journal = {Gayana Botánica},
   volume = {51},
   number = {2},
   pages = {49-55},
   year = {1994},
   type = {Journal Article}
}

@article{RN104,
   author = {K. Arroyo, Mary T. and Till-Bottraud, Irene and Torres, Cristian and Henríquez, Carolina A. and Martínez, Jaime},
   title = {Display Size Preferences and Foraging Habits of High Andean Butterflies Pollinating <i>Chaetanthera lycopodioides</i> (Asteraceae) in the Subnival of the Central Chilean Andes},
   journal = {Arctic, Antarctic, and Alpine Research},
   volume = {39},
   number = {3},
   pages = {347-352},
   ISSN = {1523-0430, 1938-4246},
   DOI = {10.1657/1523-0430(06-017)[ARROYO]2.0.CO;2},
   url = {http://www.bioone.org/doi/abs/10.1657/1523-0430%2806-017%29%5BARROYO%5D2.0.CO%3B2},
   year = {2007},
   type = {Journal Article}
}

@article{RN127,
   author = {Ladd, Philip G. and Arroyo, Mary T. K.},
   title = {Comparisons of breeding systems between two sympatric species, <i>Nastanthus spathulatus</i> (Calyceraceae) and <i>Rhodophiala rhodolirion</i> (Amaryllidaceae), in the high Andes of central Chile},
   journal = {Plant Species Biology},
   volume = {24},
   number = {1},
   pages = {2-10},
   ISSN = {0913557X, 14421984},
   DOI = {10.1111/j.1442-1984.2009.00234.x},
   url = {http://doi.wiley.com/10.1111/j.1442-1984.2009.00234.x},
   year = {2009},
   type = {Journal Article}
}

@article{RN130,
   author = {Lander, Tonya A and Bebber, Daniel P and Choy, Chris T L. and Harris, Stephen A and Boshier, David H},
   title = {The Circe Principle Explains How Resource-Rich Land Can Waylay Pollinators in Fragmented Landscapes},
   journal = {Current Biology},
   volume = {21},
   number = {15},
   pages = {1302-1307},
   ISSN = {09609822},
   DOI = {10.1016/j.cub.2011.06.045},
   url = {https://linkinghub.elsevier.com/retrieve/pii/S0960982211007184},
   year = {2011},
   type = {Journal Article}
}

@article{RN129,
   author = {Lander, Tonya A. and Boshier, David H. and Harris, Stephen A.},
   title = {Fragmented but not isolated: Contribution of single trees, small patches and long-distance pollen flow to genetic connectivity for Gomortega keule, an endangered Chilean tree},
   journal = {Biological Conservation},
   volume = {143},
   number = {11},
   pages = {2583-2590},
   ISSN = {00063207},
   DOI = {10.1016/j.biocon.2010.06.028},
   url = {https://linkinghub.elsevier.com/retrieve/pii/S0006320710002946},
   year = {2010},
   type = {Journal Article}
}

@article{RN128,
   author = {Lander, Tonya A. and Harris, Stephen A. and Boshier, David H.},
   title = {Flower and fruit production and insect pollination of the endangered Chilean tree, Gomortega keule in native forest, exotic pine plantation and agricultural environments},
   journal = {Revista chilena de historia natural},
   volume = {82},
   number = {3},
   pages = {403-412},
   ISSN = {0716-078X},
   DOI = {10.4067/S0716-078X2009000300007},
   url = {http://www.scielo.cl/scielo.php?script=sci_arttext&pid=S0716-078X2009000300007&lng=en&nrm=iso&tlng=en},
   year = {2009},
   type = {Journal Article}
}

@article{RN2,
   author = {Lehnebach, Carlos and Riveros, Magaly},
   title = {Pollination biology of the Chilean endemic orchid Chloraea lamellata},
   journal = {Biodiversity & Conservation},
   volume = {12},
   number = {8},
   pages = {1741-1751},
   ISSN = {1572-9710},
   DOI = {10.1023/A:1023666800948},
   url = {https://doi.org/10.1023/A:1023666800948
https://link.springer.com/content/pdf/10.1023%2FA%3A1023666800948.pdf},
   year = {2003},
   type = {Journal Article}
}

@article{RN131,
   author = {Lemaitre, Andrea B. and Pinto, Carlos F. and Niemeyer, Hermann M.},
   title = {Generalized pollination system: Are floral traits adapted to different pollinators?},
   journal = {Arthropod-Plant Interactions},
   volume = {8},
   number = {4},
   pages = {261-271},
   ISSN = {1872-8855, 1872-8847},
   DOI = {10.1007/s11829-014-9308-1},
   url = {http://link.springer.com/10.1007/s11829-014-9308-1},
   year = {2014},
   type = {Journal Article}
}

@article{RN45,
   author = {López-Sepúlveda, Patricio and Takayama, Koji and Crawford, Daniel J. and Greimler, Josef and Peñailillo, Patricio and Baeza, Marcelo and Ruiz, Eduardo and Kohl, Gudrun and Tremetsberger, Karin and Gatica, Alejandro and Letelier, Luis and Novoa, Patricio and Novak, Johannes and Stuessy, Tod F.},
   title = {Biogeography and genetic consequences of anagenetic speciation of <i>R</i> <i>haphithamnus venustus</i> (Verbenaceae) in the Juan Fernández archipelago, Chile: insights from AFLP and SSR markers: GENETIC DIVERSITY AND SPECIATION IN <i>RHAPHITHAMNUS</i>},
   journal = {Plant Species Biology},
   volume = {32},
   number = {3},
   pages = {223-237},
   ISSN = {0913557X},
   DOI = {10.1111/1442-1984.12144},
   url = {http://doi.wiley.com/10.1111/1442-1984.12144},
   year = {2017},
   type = {Journal Article}
}

@article{RN46,
   author = {Magrach, Ainhoa and Larrinaga, Asier R. and Santamaría, Luis},
   title = {Effects of matrix characteristics and interpatch distance on functional connectivity in fragmented temperate rainforests: <i>Matrix and Distance Affect Functional Connectivity</i>},
   journal = {Conservation Biology},
   volume = {26},
   number = {2},
   pages = {238-247},
   ISSN = {08888892},
   DOI = {10.1111/j.1523-1739.2011.01818.x},
   url = {http://doi.wiley.com/10.1111/j.1523-1739.2011.01818.x},
   year = {2012},
   type = {Journal Article}
}

@article{RN47,
   author = {Mansur, L. and Gonzalez, M. and Rojas, I. and Salas, P.},
   title = {Self-incompatibility in the Chilean endemic genus Leucocoryne Lindley},
   journal = {Journal of the American Society for Horticultural Science},
   volume = {129},
   number = {6},
   pages = {836-838},
   ISSN = {0003-1062, 2327-9788},
   DOI = {10.21273/JASHS.129.6.0836},
   url = {https://journals.ashs.org/view/journals/jashs/129/6/article-p836.xml},
   year = {2004},
   type = {Journal Article}
}

@article{RN132,
   author = {Marco, Diana E. and Arroyo, Mary T. Kalin},
   title = {The Breeding System of <i>Oxalis squamata</i> , a Tristylous South American Species},
   journal = {Botanica Acta},
   volume = {111},
   number = {6},
   pages = {497-504},
   ISSN = {09328629},
   DOI = {10.1111/j.1438-8677.1998.tb00738.x},
   url = {http://doi.wiley.com/10.1111/j.1438-8677.1998.tb00738.x},
   year = {1998},
   type = {Journal Article}
}

@article{RN48,
   author = {Mathiasen, Paula and Rovere, Adriana E. and Premoli, Andrea C.},
   title = {Genetic structure and early effects of inbreeding in fragmented temperate forests of a self-incompatible tree, Embothrium coccineum},
   journal = {Conservation Biology},
   volume = {21},
   number = {1},
   pages = {232-240},
   ISSN = {0888-8892, 1523-1739},
   DOI = {10.1111/j.1523-1739.2006.00565.x},
   url = {http://doi.wiley.com/10.1111/j.1523-1739.2006.00565.x},
   year = {2007},
   type = {Journal Article}
}

@article{RN49,
   author = {Medan, Diego and Arce, María Elena},
   title = {Reproductive biology of the Andean-disjunct genus Retanilla (Rhamnaceae)},
   journal = {Plant Systematics and Evolution},
   volume = {218},
   number = {3-4},
   pages = {281-298},
   ISSN = {0378-2697, 1615-6110},
   DOI = {10.1007/BF01089232},
   url = {http://link.springer.com/10.1007/BF01089232},
   year = {1999},
   type = {Journal Article}
}

@article{RN50,
   author = {Medan, Diego and D'Ambrogio, Ana C.},
   title = {Reproductive biology of the andromonoecious shrub Trevoa quinquenervia (Rhamnaceae)},
   journal = {Botanical Journal of the Linnean Society},
   volume = {126},
   number = {3},
   pages = {191-206},
   ISSN = {00244074},
   DOI = {10.1111/j.1095-8339.1998.tb02526.x},
   url = {https://academic.oup.com/botlinnean/article-lookup/doi/10.1111/j.1095-8339.1998.tb02526.x},
   year = {1998},
   type = {Journal Article}
}

@article{RN133,
   author = {Medan, Diego and Montaldo, Norberto H.},
   title = {Ornithophily in the Rhamnaceae: The pollination of the Chilean endemic Colletia ulicina},
   journal = {Flora - Morphology, Distribution, Functional Ecology of Plants},
   volume = {200},
   number = {4},
   pages = {339-344},
   ISSN = {03672530},
   DOI = {10.1016/j.flora.2004.12.003},
   url = {https://linkinghub.elsevier.com/retrieve/pii/S0367253005000472},
   year = {2005},
   type = {Journal Article}
}

@article{RN134,
   author = {Medel, Rodrigo and Botto-Mahan, Carezza and Kalin-Arroyo, Mary},
   title = {POLLINATOR-MEDIATED SELECTION ON THE NECTAR GUIDE PHENOTYPE IN THE ANDEAN MONKEY FLOWER, MIMULUS LUTEUS},
   journal = {Ecology},
   volume = {84},
   number = {7},
   pages = {1721-1732},
   ISSN = {0012-9658},
   DOI = {10.1890/01-0688},
   url = {http://doi.wiley.com/10.1890/01-0688},
   year = {2003},
   type = {Journal Article}
}

@article{RN51,
   author = {Medel, R. and González-Browne, C. and Fontúrbel, F. E.},
   title = {Pollination in the Chilean Mediterranean-type ecosystem: a review of current advances and pending tasks},
   journal = {Plant Biology},
   volume = {20},
   pages = {89-99},
   ISSN = {14358603},
   DOI = {10.1111/plb.12644},
   url = {http://doi.wiley.com/10.1111/plb.12644},
   year = {2018},
   type = {Journal Article}
}

@article{RN135,
   author = {Medel, Rodrigo and Valiente, Angela and Botto-Mahan, Carezza and Carvallo, Gastón and Pérez, Fernanda and Pohl, Nélida and Navarro, Luis},
   title = {The influence of insects and hummingbirds on the geographical variation of the flower phenotype in Mimulus luteus},
   journal = {Ecography},
   volume = {30},
   number = {6},
   pages = {812-818},
   ISSN = {09067590},
   DOI = {10.1111/j.2007.0906-7590.05175.x},
   url = {http://doi.wiley.com/10.1111/j.2007.0906-7590.05175.x},
   year = {2007},
   type = {Journal Article}
}

@phdthesis{RN52,
   author = {Miranda Villalón, Juan Marcelo Miranda},
   title = {Determinación de la viabilidad en la carga polínica de insectos, que visitan flores de avellano chileno (Gevuina avellana Mol.)},
   university = {Universidad Austral de Chile},
   type = {Undergraduate},
   year = {2002},
   type = {Thesis}
}

@article{RN100,
   author = {Moldenke, A. L. and Moldenke, H. N.},
   title = {Pollination ecology as an assay for ecosystemic organization: convergent evolution in Chile and California},
   journal = {Phytologia},
   volume = {42},
   number = {1},
   pages = {415-454},
   year = {1979},
   type = {Journal Article}
}

@article{RN94,
   author = {Moldenke, A. R.},
   title = {Evolutionary history and diversity of the bee faunas of Chile and pacific North America},
   journal = {Wasmann Journal of Biology},
   volume = {3},
   number = {2},
   pages = {147-178},
   year = {1976},
   type = {Journal Article}
}

@article{RN137,
   author = {Molina-Montenegro, Marco A. and Badano, Ernesto I. and Cavieres, Lohengrin A.},
   title = {Positive interactions among plant species for pollinator service: assessing the ‘magnet species’ concept with invasive species},
   journal = {Oikos},
   volume = {117},
   number = {12},
   pages = {1833-1839},
   ISSN = {00301299, 16000706},
   DOI = {10.1111/j.0030-1299.2008.16896.x},
   url = {http://doi.wiley.com/10.1111/j.0030-1299.2008.16896.x},
   year = {2008},
   type = {Journal Article}
}

@article{RN136,
   author = {Molina-Montenegro, Marco A. and Cavieres, Lohengrin A.},
   title = {EFFECT OF DENSITY AND FLOWER SIZE ON THE REPRODUCTIVE SUCCESS OF NOTHOSCORDUM GRAMINUM (ALLIACEAE)},
   journal = {Gayana. Botánica},
   volume = {63},
   number = {1},
   pages = {93-98},
   ISSN = {0717-6643},
   DOI = {10.4067/S0717-66432006000100004},
   url = {http://www.scielo.cl/scielo.php?script=sci_arttext&pid=S0717-66432006000100004&lng=en&nrm=iso&tlng=en},
   year = {2006},
   type = {Journal Article}
}

@techreport{RN173,
   author = {Montalva and et al.},
   title = {Status report on the Chilean bumblebee, Bombus dahlbomii},
   institution = {Ministry of Environment Chile (MMA)},
   type = {Report to the Ministry of Environment Chile (MMA), Santiago},
   month = {2011},
   year = {2011},
   type = {Report}
}

@article{RN53,
   author = {Montalva, José and Dudley, Leah and Arroyo, Mary Kalin and Retamales, Hernán and Abrahamovich, Alberto H.},
   title = {Geographic distribution and associated flora of native and introduced bumble bees ( <i>Bombus</i> spp.) in Chile},
   journal = {Journal of Apicultural Research},
   volume = {50},
   number = {1},
   pages = {11-21},
   ISSN = {0021-8839, 2078-6913},
   DOI = {10.3896/IBRA.1.50.1.02},
   url = {https://www.tandfonline.com/doi/full/10.3896/IBRA.1.50.1.02},
   year = {2011},
   type = {Journal Article}
}

@article{RN54,
   author = {Montalva, José and Sepulveda, Victor and Vivallo, Felipe and Silva, Daniel Paiva},
   title = {New records of an invasive bumble bee in northern Chile: expansion of its range or new introduction events?},
   journal = {Journal of Insect Conservation},
   volume = {21},
   number = {4},
   pages = {657-666},
   ISSN = {1366-638X, 1572-9753},
   DOI = {10.1007/s10841-017-0008-x},
   url = {http://link.springer.com/10.1007/s10841-017-0008-x},
   year = {2017},
   type = {Journal Article}
}

@book{RN88,
   author = {Monzón, Víctor},
   title = {Guía de Abejas Nativas de la Región del Maule},
   publisher = {Universidad Católica del Maule},
   address = {Talca, Chile},
   pages = {37},
   ISBN = {978-956-362-152-5},
   year = {2015},
   type = {Book}
}

@article{RN138,
   author = {Muñoz, Alejandro A. and Arroyo, Mary T. K.},
   title = {Negative impacts of a vertebrate predator on insect pollinator visitation and seed output in Chuquiraga oppositifolia, a high Andean shrub},
   journal = {Oecologia},
   volume = {138},
   number = {1},
   pages = {66-73},
   ISSN = {0029-8549, 1432-1939},
   DOI = {10.1007/s00442-003-1405-2},
   url = {http://link.springer.com/10.1007/s00442-003-1405-2},
   year = {2004},
   type = {Journal Article}
}

@article{RN139,
   author = {Muñoz, Alejandro A. and Arroyo, Mary T. K.},
   title = {Pollen Limitation and Spatial Variation of Reproductive Success in the Insect-pollinated Shrub Chuquiraga Oppositifolia (Asteraceae) in the Chilean Andes},
   journal = {Arctic, Antarctic, and Alpine Research},
   volume = {38},
   number = {4},
   pages = {608-613},
   ISSN = {1523-0430, 1938-4246},
   DOI = {10.1657/1523-0430(2006)38[608:PLASVO]2.0.CO;2},
   url = {http://www.bioone.org/doi/abs/10.1657/1523-0430%282006%2938%5B608%3APLASVO%5D2.0.CO%3B2},
   year = {2006},
   type = {Journal Article}
}

@article{RN140,
   author = {Muñoz, Alejandro A. and Cavieres, Lohengrin A.},
   title = {The presence of a showy invasive plant disrupts pollinator service and reproductive output in native alpine species only at high densities: Invasive impacts on native species pollination},
   journal = {Journal of Ecology},
   volume = {96},
   number = {3},
   pages = {459-467},
   ISSN = {00220477},
   DOI = {10.1111/j.1365-2745.2008.01361.x},
   url = {http://doi.wiley.com/10.1111/j.1365-2745.2008.01361.x},
   year = {2008},
   type = {Journal Article}
}

@article{RN4,
   author = {Muñoz, Alejandro A. and Cavieres, Lohengrin A.},
   title = {Sharing of pollinators between the invasive Taraxacum officinale and co-flowering natives is not related to floral similarity in the high-Andes},
   journal = {Flora},
   volume = {261},
   pages = {151491},
   ISSN = {0367-2530},
   DOI = {10.1016/j.flora.2019.151491},
   url = {http://www.sciencedirect.com/science/article/pii/S0367253019304955
https://www.sciencedirect.com/science/article/pii/S0367253019304955
https://pdf.sciencedirectassets.com/273251/1-s2.0-S0367253019X00110/1-s2.0-S0367253019304955/main.pdf?X-Amz-Security-Token=IQoJb3JpZ2luX2VjEIL%2F%2F%2F%2F%2F%2F%2F%2F%2F%2FwEaCXVzLWVhc3QtMSJGMEQCIDfUzD%2BZziSsbTXMSBh8zJXQeUtwth4%2BqVJK1rcB9783AiALEsPCZgndJqqTUbbJw4yRFuOd19ecyvi37m7brNCAeSrZAgjK%2F%2F%2F%2F%2F%2F%2F%2F%2F%2F8BEAIaDDA1OTAwMzU0Njg2NSIMuqnmOFwyd0CTHKCsKq0CCMCDABu8Oe5coe6WOq7F3b%2B%2BOJ3YWUtSDUfNnGozMEeZAvnnev0PbaapGEgoBm4ia%2B9PI6CH3XIzrfjLhbNc4QuMOxYydJVktw4DBswYS29yQNX%2FonGYnH3n26Reobl%2B8U7koD0WAt5wZZg7xhNfS4oX9S%2FhWNl7rhuc6SIFQsFnmPUCHr4%2FersSqjnzjejzX4kbzcJnHE%2FgllYd5e1uHWksBimEum8onSmiqWo2%2BX8gqzsJOlDz5cO6zN0a3m663wna2x8bL19DHWZs6if4cJw1tv7OO4KyXiuKIbBbtCOL6RM0WwekP7ig3uugnzWikKqi3zyO4qhdm0%2FCYQWCIpYk1mfSS%2FI9DSqInwh85%2FHuNfVm6vEJJdkQuJZVAJgvDl9NPpkKuX8JuBJljzCC47vvBTrQAmVyBW0pGgGJZpzMCWFy3rlDA1yOG6pSMUBMp1jntmmkgK0GOXlVWHCzyxzcf8vS8hvJ%2Bf%2BZ3kaNOzC76560PcbaCyMyvM3zBAVoK%2Bh7VaN4MgsjMPApr2qRw2zpTb%2BVNvmcxJ6ZRhfABr46kkEr%2FbsEiEcF7fjk0lXzssJk2VW359zi%2B0Rn7QnroIzLkxrIQuNEdr5nkU9tR4ICDcyNIfKjorNW7lyQ%2F4ML5o56a6iBjW5zy07bYQCzJKs9IDor5KbZR0im5IrTir1H%2BftsSJQY44AJhyDDlWLCQKsjolpWDN6Dy4lyHA7U82TicRZNuaYPIHys7v253DvinxuayZmzMGmbEC0ywwiGy2aIi2syCB%2B5tMnk5fJ%2F6K8mBKjoJkroymLzU6R8gGDAHFKgKEAynWhTGnYIFDzx5P3iKhIeIM0fBq9rQ4Ja4u7Klb0OEQ%3D%3D&X-Amz-Algorithm=AWS4-HMAC-SHA256&X-Amz-Date=20191210T023520Z&X-Amz-SignedHeaders=host&X-Amz-Expires=300&X-Amz-Credential=ASIAQ3PHCVTY7TPEN4MH%2F20191210%2Fus-east-1%2Fs3%2Faws4_request&X-Amz-Signature=c48b443d1f8c0edb1d8a1e376fb31e4f57e041c49ad99af3a5290ed8fee3badf&hash=5ef76723f423389b7a68ac69d8574ace5d27a0c7fbb801a973304224df33704e&host=68042c943591013ac2b2430a89b270f6af2c76d8dfd086a07176afe7c76c2c61&pii=S0367253019304955&tid=spdf-46d29323-4d4b-4868-82a0-f04988dd2d3a&sid=565631f03aaae2442c1adab96f70f7596c74gxrqa&type=client},
   year = {2019},
   type = {Journal Article}
}

@article{RN141,
   author = {Muñoz, Alejandro A. and Celedon-Neghme, Constanza and Cavieres, Lohengrin A. and Arroyo, Mary T. K.},
   title = {Bottom-up effects of nutrient availability on flower production, pollinator visitation, and seed output in a high-Andean shrub},
   journal = {Oecologia},
   volume = {143},
   number = {1},
   pages = {126-135},
   ISSN = {0029-8549, 1432-1939},
   DOI = {10.1007/s00442-004-1780-3},
   url = {http://link.springer.com/10.1007/s00442-004-1780-3},
   year = {2005},
   type = {Journal Article}
}

@article{RN144,
   author = {Murúa, Maureen and Cisterna, Jannina and Rosende, Benito},
   title = {Pollination ecology and breeding system of two Calceolaria species in Chile},
   journal = {Revista Chilena de Historia Natural},
   volume = {87},
   number = {1},
   ISSN = {0717-6317},
   DOI = {10.1186/0717-6317-87-7},
   url = {http://www.revchilhistnat.com/content/87/1/7},
   year = {2014},
   type = {Journal Article}
}

@article{RN55,
   author = {Murúa, M. and Espíndola, A.},
   title = {Pollination syndromes in a specialised plant-pollinator interaction: does floral morphology predict pollinators in <i>Calceolaria</i> ?},
   journal = {Plant Biology},
   volume = {17},
   number = {2},
   pages = {551-557},
   ISSN = {14358603},
   DOI = {10.1111/plb.12225},
   url = {http://doi.wiley.com/10.1111/plb.12225},
   year = {2015},
   type = {Journal Article}
}

@article{RN142,
   author = {Murúa, M. and Espíndola, A.},
   title = {Pollination syndromes in a specialised plant-pollinator interaction: does floral morphology predict pollinators in <i>Calceolaria</i> ?},
   journal = {Plant Biology},
   volume = {17},
   number = {2},
   pages = {551-557},
   ISSN = {14358603},
   DOI = {10.1111/plb.12225},
   url = {http://doi.wiley.com/10.1111/plb.12225},
   year = {2015},
   type = {Journal Article}
}

@article{RN57,
   author = {Murúa, Maureen and Espíndola, Anahí and González, Alejandra and Medel, Rodrigo},
   title = {Pollinators and crossability as reproductive isolation barriers in two sympatric oil-rewarding Calceolaria (Calceolariaceae) species},
   journal = {Evolutionary Ecology},
   volume = {31},
   number = {4},
   pages = {421-434},
   ISSN = {0269-7653, 1573-8477},
   DOI = {10.1007/s10682-017-9894-3},
   url = {http://link.springer.com/10.1007/s10682-017-9894-3},
   year = {2017},
   type = {Journal Article}
}

@article{RN143,
   author = {Murúa, Maureen and Espinoza, Claudia and Bustamante, Ramiro and Marín, Víctor H. and Medel, Rodrigo},
   title = {Does human-induced habitat transformation modify pollinator-mediated selection? A case study in Viola portalesia (Violaceae)},
   journal = {Oecologia},
   volume = {163},
   number = {1},
   pages = {153-162},
   ISSN = {0029-8549, 1432-1939},
   DOI = {10.1007/s00442-010-1587-3},
   url = {http://link.springer.com/10.1007/s00442-010-1587-3},
   year = {2010},
   type = {Journal Article}
}

@article{RN58,
   author = {Murúa, Maureen and Ramírez, María José and González, Alejandra},
   title = {Is the same pollinator species equally effective in different populations of the generalist herb Alstroemeria ligtu var. simsii?},
   journal = {Gayana Botánica},
   volume = {76},
   number = {1},
   pages = {109-114},
   ISSN = {0717-6643},
   DOI = {10.4067/S0717-66432019000100109},
   url = {http://www.scielo.cl/scielo.php?script=sci_arttext&pid=S0717-66432019000100109&lng=en&nrm=iso&tlng=en},
   year = {2019},
   type = {Journal Article}
}

@article{RN56,
   author = {Murúa, Maureen M. and Grez, Audrey A. and Simonetti, Javier A.},
   title = {Changes in wing length in the pollinator Bombus dahlbomii occurring with the fragmentation of the Maulino forest, Chile},
   journal = {Ciencia e investigación agraria},
   volume = {38},
   number = {3},
   pages = {391-396},
   ISSN = {0718-1620},
   DOI = {10.4067/S0718-16202011000300008},
   url = {http://www.scielo.cl/scielo.php?script=sci_arttext&pid=S0718-16202011000300008&lng=en&nrm=iso&tlng=en},
   year = {2011},
   type = {Journal Article}
}

@article{RN95,
   author = {Neira, M. A. and Viscarra, R. C. and Riveros, M.},
   title = {Rubus idaeus L., pollinators in X Region (Chile)},
   journal = {Phyton-International Journal of Experimental Botany},
   volume = {67},
   pages = {43-51},
   year = {2000},
   type = {Journal Article}
}

@article{RN89,
   author = {Ortiz-Crespo, F. I.},
   title = {Consideraciones sobre las migraciones de dos picaflores neotropicales},
   journal = {El Honero},
   volume = {012},
   number = {4},
   pages = {298-300},
   url = {www.digital.bl.fcen.uba.ar},
   year = {1986},
   type = {Journal Article}
}

@article{RN145,
   author = {Ossa, Carmen G. and Medel, Rodrigo},
   title = {Notes on the floral biology and pollination syndrome of Echinopsis chiloensis (Colla) Friedrich & G.D.Rowley (Cactaceae) in a population of semiarid Chile},
   journal = {Gayana. Botánica},
   volume = {68},
   number = {2},
   pages = {213-219},
   ISSN = {0717-6643},
   DOI = {10.4067/S0717-66432011000200012},
   url = {http://www.scielo.cl/scielo.php?script=sci_arttext&pid=S0717-66432011000200012&lng=en&nrm=iso&tlng=en},
   year = {2011},
   type = {Journal Article}
}

@article{RN59,
   author = {Pantoja, Gabriel and Gómez, Miguel and Servicio Nacional de, Aprendizaje and Contreras, Claudio and Grimau, Lissette and Ramírez Quirama, Juan Fernando and Montenegro, Gloria},
   title = {Determination of suitable zones for apitourism using multi-criteria evaluation in geographic information systems: a case study in the O’Higgins Region, Chile},
   journal = {Ciencia e investigación agraria},
   volume = {44},
   number = {2},
   pages = {139-153},
   DOI = {10.7764/rcia.v44i2.1712},
   url = {http://rcia.uc.cl/index.php/rcia/article/view/1914/1274},
   year = {2017},
   type = {Journal Article}
}

@article{RN169,
   author = {Peralta, Iris and Rodríguez, Gregorio José and Arroyo, Mary Kalin},
   title = {Breeding system and aspects of pollination in Acacia caven (Mol.) Mol. (Leguminosae: Mimosidae) in the mediterranean-type climate zone of central Chile},
   journal = {Botanische Jahrbücher fur Systematik},
   volume = {114},
   number = {3},
   pages = {297-314},
   year = {1992},
   type = {Journal Article}
}

@article{RN149,
   author = {Pérez, Fernanda},
   title = {Discordant patterns of morphological and genetic divergence in the closely related species Schizanthus hookeri and S. grahamii (Solanaceae)},
   journal = {Plant Systematics and Evolution},
   volume = {293},
   number = {1-4},
   pages = {197-205},
   ISSN = {0378-2697, 1615-6110},
   DOI = {10.1007/s00606-011-0433-3},
   url = {http://link.springer.com/10.1007/s00606-011-0433-3},
   year = {2011},
   type = {Journal Article}
}

@article{RN148,
   author = {Perez, F. and Arroyo, M. T. K. and Armesto, J. J.},
   title = {Evolution of autonomous selfing accompanies increased specialization in the pollination system of Schizanthus (Solanaceae)},
   journal = {American Journal of Botany},
   volume = {96},
   number = {6},
   pages = {1168-1176},
   ISSN = {0002-9122, 1537-2197},
   DOI = {10.3732/ajb.0800306},
   url = {http://doi.wiley.com/10.3732/ajb.0800306},
   year = {2009},
   type = {Journal Article}
}

@article{RN147,
   author = {Pérez, F. and Arroyo, M. T. K. and Medel, R.},
   title = {Phylogenetic analysis of floral integration in <i>Schizanthus</i> (Solanaceae): does pollination truly integrate corolla traits?: Evolution of floral integration in <i>Schizanthus</i>},
   journal = {Journal of Evolutionary Biology},
   volume = {20},
   number = {5},
   pages = {1730-1738},
   ISSN = {1010061X},
   DOI = {10.1111/j.1420-9101.2007.01393.x},
   url = {http://doi.wiley.com/10.1111/j.1420-9101.2007.01393.x},
   year = {2007},
   type = {Journal Article}
}

@article{RN146,
   author = {Pérez, Fernanda and Arroyo, Mary T. K. and Medel, Rodrigo and Hershkovitz, Mark A.},
   title = {Ancestral reconstruction of flower morphology and pollination systems in <i>Schizanthus</i> (Solanaceae)},
   journal = {American Journal of Botany},
   volume = {93},
   number = {7},
   pages = {1029-1038},
   ISSN = {00029122},
   DOI = {10.3732/ajb.93.7.1029},
   url = {http://doi.wiley.com/10.3732/ajb.93.7.1029},
   year = {2006},
   type = {Journal Article}
}

@article{RN150,
   author = {Pérez, Fernanda and León, Constanza and Muñoz, Thaís},
   title = {How variable is delayed selfing in a fluctuating pollinator environment? A comparison between a delayed selfing and a pollinator-dependent Schizanthus species of the high Andes},
   journal = {Evolutionary Ecology},
   volume = {27},
   number = {5},
   pages = {911-922},
   ISSN = {0269-7653, 1573-8477},
   DOI = {10.1007/s10682-012-9612-0},
   url = {http://link.springer.com/10.1007/s10682-012-9612-0},
   year = {2013},
   type = {Journal Article}
}

@article{RN151,
   author = {Pohl, Nélida and Carvallo, Gastón and Botto-Mahan, Carezza and Medel, Rodrigo},
   title = {Nonadditive effects of flower damage and hummingbird pollination on the fecundity of Mimulus luteus},
   journal = {Oecologia},
   volume = {149},
   number = {4},
   pages = {648-655},
   ISSN = {0029-8549, 1432-1939},
   DOI = {10.1007/s00442-006-0479-z},
   url = {http://link.springer.com/10.1007/s00442-006-0479-z},
   year = {2006},
   type = {Journal Article}
}

@article{RN60,
   author = {Polidori, Carlo and Nieves-Aldrey, José Luis},
   title = {Comparative flight morphology in queens of invasive and native Patagonian bumblebees (Hymenoptera: Bombus)},
   journal = {Comptes Rendus Biologies},
   volume = {338},
   number = {2},
   pages = {126-133},
   ISSN = {16310691},
   DOI = {10.1016/j.crvi.2014.11.001},
   url = {https://linkinghub.elsevier.com/retrieve/pii/S163106911400273X},
   year = {2015},
   type = {Journal Article}
}

@article{RN61,
   author = {Ramos-Jiliberto, Rodrigo and Albornoz, Abraham A. and Valdovinos, Fernanda S. and Smith-Ramírez, Cecilia and Arim, Matías and Armesto, Juan J. and Marquet, Pablo A.},
   title = {A network analysis of plant–pollinator interactions in temperate rain forests of Chiloé Island, Chile},
   journal = {Oecologia},
   volume = {160},
   number = {4},
   pages = {697-706},
   ISSN = {0029-8549, 1432-1939},
   DOI = {10.1007/s00442-009-1344-7},
   url = {http://link.springer.com/10.1007/s00442-009-1344-7},
   year = {2009},
   type = {Journal Article}
}

@article{RN152,
   author = {Ramos-Jiliberto, Rodrigo and Domínguez, Daniela and Espinoza, Claudia and López, Gioconda and Valdovinos, Fernanda S. and Bustamante, Ramiro O. and Medel, Rodrigo},
   title = {Topological change of Andean plant–pollinator networks along an altitudinal gradient},
   journal = {Ecological Complexity},
   volume = {7},
   number = {1},
   pages = {86-90},
   ISSN = {1476945X},
   DOI = {10.1016/j.ecocom.2009.06.001},
   url = {https://linkinghub.elsevier.com/retrieve/pii/S1476945X09000622},
   year = {2010},
   type = {Journal Article}
}

@article{RN62,
   author = {Rebolledo R, Ramón and Martínez P, Héctor and Palma M, Rubén and Aguilera P, Alfonso and Klein K, Carlos},
   title = {Actividad de visita de Bombus dahlbomi (Guérin)y Bombus ruderatus (F.) (Hymenoptera:Apidae) sobre Trébol Rosado (Trifolium pratense L.) en la IX Región de la La Araucanía, Chile},
   journal = {Agricultura Técnica},
   volume = {64},
   number = {3},
   ISSN = {0365-2807},
   DOI = {10.4067/S0365-28072004000300004},
   url = {http://www.scielo.cl/scielo.php?script=sci_arttext&pid=S0365-28072004000300004&lng=en&nrm=iso&tlng=en},
   year = {2004},
   type = {Journal Article}
}

@article{RN63,
   author = {Rivera-Hutinel, Antonio and Acevedo-Orellana, Fernando},
   title = {Biología floral y reproductiva de Escallonia pulverulenta (Ruiz et Pav.) Pers. (Escalloniaceae) y su relación con los visitantes florales},
   journal = {Gayana Botánica},
   volume = {74},
   number = {1},
   pages = {82-93},
   ISSN = {0717-6643},
   DOI = {10.4067/S0717-66432017005000322},
   url = {http://www.scielo.cl/scielo.php?script=sci_arttext&pid=S0717-66432017005000322&lng=en&nrm=iso&tlng=en},
   year = {2017},
   type = {Journal Article}
}

@article{RN153,
   author = {Rivera-Hutinel, A. and Bustamante, R. O. and Marín, V. H. and Medel, R.},
   title = {Effects of sampling completeness on the structure of plant–pollinator networks},
   journal = {Ecology},
   volume = {93},
   number = {7},
   pages = {1593-1603},
   ISSN = {0012-9658},
   DOI = {10.1890/11-1803.1},
   url = {http://doi.wiley.com/10.1890/11-1803.1},
   year = {2012},
   type = {Journal Article}
}

@article{RN64,
   author = {Rovere, Adriana E. and Smith-Ramírez, Cecilia and Armesto, Juan J. and Premoli, Andrea C.},
   title = {Breeding system of Embothrium coccineum (Proteaceae) in two populations on different slopes of the Andes},
   journal = {Revista chilena de historia natural},
   volume = {79},
   number = {2},
   ISSN = {0716-078X},
   DOI = {10.4067/S0716-078X2006000200008},
   url = {http://www.scielo.cl/scielo.php?script=sci_arttext&pid=S0716-078X2006000200008&lng=en&nrm=iso&tlng=en},
   year = {2006},
   type = {Journal Article}
}

@article{RN91,
   author = {Rozzi, Ricardo and Armesto, Juan J. and Correa, Alejandro and Torres-Mura, Juan Carlos and Salaberry, Michel},
   title = {Avifauna de bosques primarios templados en islas deshabitadas del archipiélago de Chiloé, Chile},
   journal = {Revista Chilena de Historia Natural},
   volume = {69},
   pages = {125-139},
   year = {1996},
   type = {Journal Article}
}

@article{RN154,
   author = {Rozzi, Ricardo and Arroyo, Mary Kalin and Armesto, Juan J.},
   title = {Ecological factors affecting gene ﬂow between populations of Anarthrophyllum cumingii (Papilionaceae) growing on equatorial- and polar-facing slopes in the Andes of Central Chile},
   journal = {Plant Ecology},
   volume = {132},
   pages = {171-179},
   year = {1997},
   type = {Journal Article}
}

@inbook{RN90,
   author = {Rozzi, Ricardo and Martínez, David and Wilson, Mary F. and Sabag, Carlos},
   title = {Avifauna de los bosques templados de Sudamérica},
   booktitle = {Ecología de los Bosques Nativos de Chile},
   publisher = {Universidad de Chile},
   address = {Santiago, Chile},
   pages = {135-152},
   year = {1995},
   type = {Book Section}
}

@inbook{RN65,
   author = {Ruz, Luisa},
   title = {Bee Pollinators introduced to Chile: A review},
   booktitle = {Pollinating Bees - The Conservation Link Between Agriculture and Nature},
   publisher = {Ministry of Environment},
   address = {Brasilia, Brazil},
   pages = {155-167},
   year = {2002},
   type = {Book Section}
}

@article{RN155,
   author = {Ruz, L. and Herrera, R.},
   title = {PRELIMINARY OBSERVATIONS ON FORAGING ACTIVITIES OF BOMBUS DAHLBOMII AND BOMBUS TERRESTRIS (HYM: APIDAE) ON NATIVE AND NON-NATIVE VEGETATION IN CHILE},
   journal = {Acta Horticulturae},
   number = {561},
   pages = {165-169},
   ISSN = {0567-7572, 2406-6168},
   DOI = {10.17660/ActaHortic.2001.561.24},
   url = {https://www.actahort.org/books/561/561_24.htm},
   year = {2001},
   type = {Journal Article}
}

@article{RN66,
   author = {Sanzana, María-José and Parra, Luis E. and Benítez, Hugo A. and Espejo, Jaime},
   title = {Entomofauna polinizadora de Eucalyptus nitens en huertos semilleros del centro sur de Chile},
   journal = {Bosque},
   volume = {33},
   number = {1},
   pages = {25-31},
   ISSN = {0717-9200},
   DOI = {10.4067/S0717-92002012000100003},
   url = {http://www.scielo.cl/scielo.php?script=sci_arttext&pid=S0717-92002012000100003&lng=en&nrm=iso&tlng=en},
   year = {2012},
   type = {Journal Article}
}

@article{RN67,
   author = {Schmid-Hempel, Regula and Eckhardt, Michael and Goulson, David and Heinzmann, Daniel and Lange, Carlos and Plischuk, Santiago and Escudero, Luisa R. and Salathé, Rahel and Scriven, Jessica J. and Schmid-Hempel, Paul},
   title = {The invasion of southern South America by imported bumblebees and associated parasites},
   journal = {Journal of Animal Ecology},
   volume = {83},
   number = {4},
   pages = {823-837},
   ISSN = {00218790},
   DOI = {10.1111/1365-2656.12185},
   url = {http://doi.wiley.com/10.1111/1365-2656.12185},
   year = {2014},
   type = {Journal Article}
}

@article{RN96,
   author = {Seguel, I. and Riveros, M. and Lehnebach, C. and Torres, A.},
   title = {Reproductive and phenological development of Ugni molinae Turcz. (Myrtaceae)},
   journal = {Phyton-International Journal of Experimental Botany},
   volume = {65},
   pages = {13-21},
   year = {1999},
   type = {Journal Article}
}

@article{RN92,
   author = {Skewes, Juan Carlos},
   title = {La regeneración del bosque templado, los saberes en tensión y el reconocimiento de la ciudadanía ambiental a partir de la experiencia de los apicultores},
   journal = {Desenvolvimento e Meio Ambiente},
   volume = {50},
   pages = {73-92},
   year = {2019},
   type = {Journal Article}
}

@article{RN72,
   author = {Smith-Ramirez, Cecilia},
   title = {Los picaflores y su recurso floral en el bosque templado de la isla de Chiloé, Chile},
   journal = {Revista Chilena de Historia Natural},
   volume = {66},
   pages = {65-73},
   year = {1993},
   type = {Journal Article}
}

@article{RN69,
   author = {Smith-Ramirez, Cecilia and Armesto, Juan J.},
   title = {Flowering and Fruiting Patterns in the Temperate Rainforest of Chiloe, Chile--Ecologies and Climatic Constraints},
   journal = {The Journal of Ecology},
   volume = {82},
   number = {2},
   pages = {353-365},
   ISSN = {00220477},
   DOI = {10.2307/2261303},
   url = {https://www.jstor.org/stable/2261303?origin=crossref},
   year = {1994},
   type = {Journal Article}
}

@article{RN70,
   author = {Smith-Ramirez, Cecilia and Armesto, Juan J.},
   title = {Nectarivoría y polinización por aves en Embothrium coccineum (Proteaceae) en el bosque templado del sur de Chile},
   journal = {Revista Chilena de Historia Natural},
   volume = {71},
   pages = {51-63},
   year = {1998},
   type = {Journal Article}
}

@article{RN71,
   author = {Smith-Ramirez, Cecilia and Armesto, Juan J.},
   title = {Foraging behaviour of bird pollinators on Embothrium coccineum (Proteaceae) trees in forest fragments and pastures in southern Chile},
   journal = {Austral Ecology},
   volume = {28},
   number = {1},
   pages = {53-60},
   ISSN = {1442-9985, 1442-9993},
   DOI = {10.1046/j.1442-9993.2003.01248.x},
   url = {http://doi.wiley.com/10.1046/j.1442-9993.2003.01248.x},
   year = {2003},
   type = {Journal Article}
}

@book{RN98,
   author = {Smith-Ramirez, C. and Armesto, J. J. and Valdovinos, C.},
   title = {Historia, biodiversidad y ecología de los bosques costeros de Chile},
   publisher = {Editorial Universitaria},
   address = {Santiago, Chile},
   edition = {First Edition},
   pages = {647},
   ISBN = {956-11-1777-0},
   year = {2005},
   type = {Book}
}

@article{RN74,
   author = {Smith-Ramírez, C. and Martinez, P. and Nuñez, M. and González, C. and Armesto, J. J.},
   title = {Diversity, flower visitation frequency and generalism of pollinators in temperate rain forests of Chiloé Island, Chile},
   journal = {Botanical Journal of the Linnean Society},
   volume = {147},
   number = {4},
   pages = {399-416},
   ISSN = {1095-8339, 0024-4074},
   DOI = {10.1111/j.1095-8339.2005.00388.x},
   url = {https://academic.oup.com/botlinnean/article-lookup/doi/10.1111/j.1095-8339.2005.00388.x},
   year = {2005},
   type = {Journal Article}
}

@article{RN75,
   author = {Smith-Ramírez, Cecilia and Ramos-Jiliberto, Rodrigo and Valdovinos, Fernanda S. and Martínez, Paula and Castillo, Jessica A. and Armesto, Juan J.},
   title = {Decadal trends in the pollinator assemblage of Eucryphia cordifolia in Chilean rainforests},
   journal = {Oecologia},
   volume = {176},
   number = {1},
   pages = {157-169},
   ISSN = {0029-8549, 1432-1939},
   DOI = {10.1007/s00442-014-3000-0},
   url = {http://link.springer.com/10.1007/s00442-014-3000-0},
   year = {2014},
   type = {Journal Article}
}

@inbook{RN97,
   author = {Smith-Ramirez, C. and Rovere, A. E. and Núñez-Ávila, M. C. and Armesto, J. J.},
   title = {Habitat fragmentation and reproductive ecology of Embothrium coccineum , Eucryphia cordifolia, and Aextoxicon punctatum in southern temperate rainforests},
   booktitle = {Biodiversity loss and conservation in fragmented forest landscapes},
   pages = {102-119},
   year = {2007},
   type = {Book Section}
}

@article{RN68,
   author = {Smith-Ramírez, Cecilia and Vieli, Lorena and Barahona-Segovia, Rodrigo M. and Montalva, José and Cianferoni, Franco and Ruz, Luisa and Fontúrbel, Francisco E. and Valdivia, Carlos E. and Medel, Rodrigo and Pauchard, Aníbal and Celis-Diez, Juan L. and Riesco, Vladimir and Monzón, Víctor and Vivallo, Felipe and Neira, Miguel},
   title = {Las razones de por qué Chile debe detener la importación del abejorro comercial Bombus terrestris (Linnaeus) y comenzar a controlarlo},
   journal = {Gayana},
   volume = {8},
   number = {2},
   pages = {118-127},
   ISSN = {0717-6538},
   DOI = {10.4067/S0717-65382018000200118},
   url = {http://www.scielo.cl/scielo.php?script=sci_arttext&pid=S0717-65382018000200118&lng=en&nrm=iso&tlng=en},
   year = {2018},
   type = {Journal Article}
}

@article{RN73,
   author = {Smith-Ramırez, Cecilia and Armesto, Juan J. and Figueroa, Javier},
   title = {Flowering, fruiting and seed germination in Chilean rain forest myrtaceae: ecological and phylogenetic constraints},
   journal = {Plant Ecology},
   volume = {136},
   pages = {119-131},
   year = {1998},
   type = {Journal Article}
}

@inproceedings{RN99,
   author = {Squeo, F. A.},
   title = {A comparisson of biotic pollination in 2 mountain transects t the 50-degrees-S, Patagonia, Chile},
   series = {2},
   volume = {20},
   pages = {R251},
   type = {Conference Proceedings}
}

@article{RN156,
   author = {Suárez, Lorena H. and Gonzáles, Wilfredo L. and Gianoli, Ernesto},
   title = {Foliar damage modifies floral attractiveness to pollinators in Alstroemeria exerens},
   journal = {Evolutionary Ecology},
   volume = {23},
   number = {4},
   pages = {545-555},
   ISSN = {0269-7653, 1573-8477},
   DOI = {10.1007/s10682-008-9254-4},
   url = {http://link.springer.com/10.1007/s10682-008-9254-4},
   year = {2009},
   type = {Journal Article}
}

@article{RN76,
   author = {Suárez, Lorena H. and González, Wilfredo L. and Gianoli, Ernesto},
   title = {Biología reproductiva de Convolvulus chilensis (Convolvulaceae) en una población de Aucó (centro-norte de Chile)},
   journal = {Revista Chilena de Historia Natural},
   volume = {77},
   number = {4},
   ISSN = {0716-078X},
   DOI = {10.4067/S0716-078X2004000400001},
   url = {http://www.scielo.cl/scielo.php?script=sci_arttext&pid=S0716-078X2004000400001&lng=en&nrm=iso&tlng=en},
   year = {2004},
   type = {Journal Article}
}

@article{RN157,
   author = {Suárez, Lorena H. and Pérez, Fernanda and Armesto, Juan J.},
   title = {Strong Phenotypic Variation in Floral Design and Display Traits of an Annual Tarweed in Relation to Small-Scale Topographic Heterogeneity in Semiarid Chile},
   journal = {International Journal of Plant Sciences},
   volume = {172},
   number = {8},
   pages = {1012-1025},
   ISSN = {1058-5893, 1537-5315},
   DOI = {10.1086/660105},
   url = {https://www.journals.uchicago.edu/doi/10.1086/660105},
   year = {2011},
   type = {Journal Article}
}

@article{RN77,
   author = {Sun, Byung Yun and Stussey, Tod F. and Humaña, Ana Maria},
   title = {Evolution of Rhaphithamnus venustus (Verbenaceae), A Gynodioecious Hummingbird-Pollinated Endemic of the Juan Fermindez Islands, Chile},
   journal = {Pacific Science},
   volume = {50},
   number = {1},
   pages = {55-65},
   year = {1996},
   type = {Journal Article}
}

@article{RN158,
   author = {Torres-Díaz, Cristian and Cavieres, Lohengrin A. and Muñoz-Ramírez, Carlos and K. Arroyo, Mary T.},
   title = {Consecuencias de las variaciones microclimáticas sobre la visita de insectos polinizadores en dos especies de Chaetanthera (Asteraceae) en los Andes de Chile central},
   journal = {Revista chilena de historia natural},
   volume = {80},
   number = {4},
   ISSN = {0716-078X},
   DOI = {10.4067/S0716-078X2007000400007},
   url = {http://www.scielo.cl/scielo.php?script=sci_arttext&pid=S0716-078X2007000400007&lng=en&nrm=iso&tlng=en},
   year = {2007},
   type = {Journal Article}
}

@article{RN159,
   author = {Torres-Díaz, Cristian and Gómez-González, Susana and Stotz, Gisela C. and Torres-Morales, Patricio and Paredes, Brayam and Pérez-Millaqueo, Matías and Gianoli, Ernesto},
   title = {Extremely Long-Lived Stigmas Allow Extended Cross-Pollination Opportunities in a High Andean Plant},
   journal = {PLoS ONE},
   volume = {6},
   number = {5},
   pages = {e19497},
   ISSN = {1932-6203},
   DOI = {10.1371/journal.pone.0019497},
   url = {https://dx.plos.org/10.1371/journal.pone.0019497},
   year = {2011},
   type = {Journal Article}
}

@article{RN162,
   author = {Valdivia, Carlos E. and Bahamondez, Alejandra and Simonetti, Javier A.},
   title = {Negative effects of forest fragmentation and proximity to edges on pollination and herbivory of Bomarea salsilla (Alstroemeriaceae)},
   journal = {Plant Ecology and Evolution},
   volume = {144},
   number = {3},
   pages = {281-287},
   ISSN = {20323921},
   DOI = {10.5091/plecevo.2011.487},
   url = {https://www.ingentaconnect.com/contentone/botbel/plecevo/2011/00000144/00000003/art00007},
   year = {2011},
   type = {Journal Article}
}

@article{RN81,
   author = {Valdivia, Carlos E. and Carroza, José P. and Orellana, José I.},
   title = {Geographic distribution and trait-mediated causes of nectar robbing by the European bumblebee Bombus terrestris on the Patagonian shrub Fuchsia magellanica},
   journal = {Flora - Morphology, Distribution, Functional Ecology of Plants},
   volume = {225},
   pages = {30-36},
   ISSN = {03672530},
   DOI = {10.1016/j.flora.2016.09.010},
   url = {https://linkinghub.elsevier.com/retrieve/pii/S0367253016301451},
   year = {2016},
   type = {Journal Article}
}

@article{RN79,
   author = {Valdivia, Carlos E. and Niemeyer, Hermann M.},
   title = {Do floral syndromes predict specialisation in plant pollination systems? Assessment of diurnal and nocturnal pollination of <i>Escallonia myrtoidea</i>},
   journal = {New Zealand Journal of Botany},
   volume = {44},
   number = {2},
   pages = {135-141},
   ISSN = {0028-825X, 1175-8643},
   DOI = {10.1080/0028825X.2006.9513014},
   url = {http://www.tandfonline.com/doi/abs/10.1080/0028825X.2006.9513014},
   year = {2006},
   type = {Journal Article}
}

@article{RN160,
   author = {Valdivia, Carlos E. and Niemeyer, Hermann M.},
   title = {Do pollinators simultaneously select for inflorescence size and amount of floral scents? An experimental assessment on Escallonia myrtoidea},
   journal = {Austral Ecology},
   volume = {31},
   number = {7},
   pages = {897-903},
   ISSN = {1442-9985, 1442-9993},
   DOI = {10.1111/j.1442-9993.2006.01662.x},
   url = {http://doi.wiley.com/10.1111/j.1442-9993.2006.01662.x},
   year = {2006},
   type = {Journal Article}
}

@article{RN78,
   author = {Valdivia, Carlos E. and Niemeyer, Hermann M.},
   title = {Noncorrelated evolution between herbivore- and pollinator-linked features in Aristolochia chilensis (Aristolochiaceae)},
   journal = {Biological Journal of the Linnean Society},
   volume = {91},
   number = {2},
   pages = {239-245},
   ISSN = {00244066, 10958312},
   DOI = {10.1111/j.1095-8312.2007.00796.x},
   url = {https://academic.oup.com/biolinnean/article-lookup/doi/10.1111/j.1095-8312.2007.00796.x},
   year = {2007},
   type = {Journal Article}
}

@article{RN5,
   author = {Valdivia, Carlos E. and Orellana, José I. and Morales-Paredes, Carlos},
   title = {Ant-mediated nectar robbing from the Chilean Firetree Embothrium coccineum (Proteaceae): No effect on seed production},
   journal = {Annales Botanici Fennici},
   volume = {55},
   number = {4-6},
   pages = {217-226},
   ISSN = {0003-3847, 1797-2442},
   DOI = {10.5735/085.055.0403},
   url = {https://bioone.org/journals/Annales-Botanici-Fennici/volume-55/issue-4-6/085.055.0403/Ant-Mediated-Nectar-Robbing-from-the-Chilean-Firetree-Embothrium-coccineum/10.5735/085.055.0403.full
https://bioone.org/journals/Annales-Botanici-Fennici/volume-55/issue-4-6/085.055.0403/Ant-Mediated-Nectar-Robbing-from-the-Chilean-Firetree-iEmbothrium-coccineum/10.5735/085.055.0403.short},
   year = {2018},
   type = {Journal Article}
}

@article{RN80,
   author = {Valdivia, Carlos E. and Simonetti, Javier A.},
   title = {The additive effects of pollinators and herbivores on the vine Bomarea salsilla (Alstroemeriaceae), remain spatially consistent in a fragmented forest},
   journal = {Revista Mexicana de Biodiversidad},
   volume = {89},
   number = {4},
   pages = {1100-1106},
   ISSN = {2007-8706, 1870-3453},
   DOI = {10.22201/ib.20078706e.2018.4.2546},
   url = {http://revista.ib.unam.mx/index.php/bio/article/view/2546},
   year = {2018},
   type = {Journal Article}
}

@article{RN161,
   author = {Valdivia, Carlos E. and Simonetti, Javier A. and Henríquez, Carolina A.},
   title = {Depressed Pollination of Lapageria rosea Ruiz et Pav. (Philesiaceae) in the Fragmented Temperate Rainforest of Southern South America},
   journal = {Biodiversity and Conservation},
   volume = {15},
   number = {5},
   pages = {1845-1856},
   ISSN = {0960-3115, 1572-9710},
   DOI = {10.1007/s10531-004-6683-4},
   url = {http://link.springer.com/10.1007/s10531-004-6683-4},
   year = {2006},
   type = {Journal Article}
}

@article{RN163,
   author = {Valdovinos, Fernanda S. and Ramos-Jiliberto, Rodrigo and Flores, José D. and Espinoza, Claudia and López, Gioconda},
   title = {Structure and dynamics of pollination networks: the role of alien plants},
   journal = {Oikos},
   volume = {118},
   number = {8},
   pages = {1190-1200},
   ISSN = {00301299, 16000706},
   DOI = {10.1111/j.1600-0706.2009.17364.x},
   url = {http://doi.wiley.com/10.1111/j.1600-0706.2009.17364.x},
   year = {2009},
   type = {Journal Article}
}

@article{RN82,
   author = {Vergara, Rodrigo C. and Torres-Araneda, Alejandra and Villagra, Diego A. and Raguso, Robert A. and Arroyo, Mary T. K. and Villagra, Cristian A.},
   title = {Are eavesdroppers multimodal? Sensory exploitation of flo- ral signals by a non-native cockroach Blatta orientalis},
   journal = {Current Zoology},
   volume = {57},
   number = {2},
   pages = {162-174},
   year = {2011},
   type = {Journal Article}
}

@article{RN83,
   author = {Vieli, Lorena and Davis, Frank W. and Kendall, Bruce E. and Altieri, Miguel},
   title = {Landscape effects on wild Bombus terrestris (Hymenoptera: Apidae) queens visiting highbush blueberry fields in south-central Chile},
   journal = {Apidologie},
   volume = {47},
   number = {5},
   pages = {711-716},
   ISSN = {0044-8435, 1297-9678},
   DOI = {10.1007/s13592-015-0422-6},
   url = {http://link.springer.com/10.1007/s13592-015-0422-6},
   year = {2016},
   type = {Journal Article}
}

@article{RN164,
   author = {Walter, Helmut E.},
   title = {Floral biology of Echinopsis chiloensis ssp. chiloensis (Cactaceae): Evidence for a mixed pollination syndrome},
   journal = {Flora - Morphology, Distribution, Functional Ecology of Plants},
   volume = {205},
   number = {11},
   pages = {757-763},
   ISSN = {03672530},
   DOI = {10.1016/j.flora.2009.12.038},
   url = {https://linkinghub.elsevier.com/retrieve/pii/S0367253010000423},
   year = {2010},
   type = {Journal Article}
}

@article{RN84,
   author = {Warren, Steven D. and Aguilera, Lorgio E. and Baggett, L. Scott and Zuñiga, Mauricio},
   title = {Floral orientation in <i>Eulychnia acida</i> , an arborescent cactus of the Atacama Desert, and implications for cacti globally},
   journal = {Ecosphere},
   volume = {8},
   number = {10},
   pages = {e01937},
   ISSN = {21508925},
   DOI = {10.1002/ecs2.1937},
   url = {http://doi.wiley.com/10.1002/ecs2.1937},
   year = {2017},
   type = {Journal Article}
}

@article{RN85,
   author = {Willson, Mary F. and De Santo, Toni L. and Sabag, Carlos and Armesto, Juan J.},
   title = {Avian Communities of Fragmented South-Temperate Rainforests in Chile},
   journal = {Conservation Biology},
   volume = {8},
   number = {2},
   pages = {508-520},
   ISSN = {0888-8892, 1523-1739},
   DOI = {10.1046/j.1523-1739.1994.08020508.x},
   url = {http://doi.wiley.com/10.1046/j.1523-1739.1994.08020508.x},
   year = {1994},
   type = {Journal Article}
}

